<?xml version="1.0" encoding="UTF-8" ?>
<record Numero="15613926" format="InterXMarc_Complet" type="Authority">
<leader>00517n1 au22000272  45  <Pos Code="0004">00517</Pos>
<Pos Code="05" Sens="notice nouvelle">n</Pos>
<Pos Code="06" Sens="notice validée en catalogage courant">1</Pos>
<Pos Code="08" Sens="notice d&apos;autorité">a</Pos>
<Pos Code="09" Sens="titre uniforme musical (TUM)">u</Pos>
<Pos Code="10">2</Pos>
<Pos Code="11">2</Pos>
<Pos Code="1216">00027</Pos>
<Pos Code="17" Sens="autres cas">2</Pos>
<Pos Code="20">4</Pos>
<Pos Code="21">5</Pos>
</leader>
<controlfield tag="001">FRBNF15613926X<Pos Code="0001">FR</Pos>
<Pos Code="0204">BNF</Pos>
<Pos Code="0512">15613926</Pos>
<Pos Code="13">X</Pos>
</controlfield>
<controlfield tag="008">080318      yy    ft        1933                             1   <Pos Code="0001">08</Pos>
<Pos Code="0203">03</Pos>
<Pos Code="0405">18</Pos>
<Pos Code="1213" Sens="ne s&apos;applique pas">yy</Pos>
<Pos Code="1820">ft </Pos>
<Pos Code="2831">1933</Pos>
<Pos Code="61" Sens="La vedette peut être liée à une notice bibliographique sauf pour l&apos;accès matière RAMEAU">1</Pos>
</controlfield>
<datafield tag="048" ind1=" " ind2=" ">
	<subfield code="a">sa01<Pos Code="0001" Sens="cordes frottées - violon">sa</Pos>
<Pos Code="02">0</Pos>
<Pos Code="03">1</Pos>
</subfield>
	<subfield code="a">ka01<Pos Code="0001" Sens="clavier - piano">ka</Pos>
<Pos Code="02">0</Pos>
<Pos Code="03">1</Pos>
</subfield>
</datafield>
<datafield tag="100" ind1=" " ind2=" ">
	<subfield code="3">13897441</subfield>
	<subfield code="w"> 0  b     </subfield>
	<subfield code="a">Messiaen</subfield>
	<subfield code="m">Olivier</subfield>
	<subfield code="d">1908-1992</subfield>
</datafield>
<datafield tag="144" ind1="1" ind2=" ">
	<subfield code="w">....b.fre.</subfield>
	<subfield code="a">Fantaisie</subfield>
	<subfield code="b">Violon, piano</subfield>
</datafield>
<datafield tag="600" ind1=" " ind2=" ">
	<subfield code="a">Date de composition : 1933</subfield>
</datafield>
<datafield tag="610" ind1=" " ind2=" ">
	<subfield code="a">Grove music online</subfield>
	<subfield code="u">http://www.grovemusic.com</subfield>
	<subfield code="d">2008-03-18</subfield>
</datafield>
<datafield tag="610" ind1=" " ind2=" ">
	<subfield code="a">Fantaisie [Musique imprimée] : violon et piano / Olivier Messiaen ; édition revue et corrigée par Yvonne Loriod-Messiaen ; [avec l&apos;aimable collaboration de Roger Muraro], 2007</subfield>
</datafield>
<Attr Nom="IDPerenne">ark:/12148/cb156139260</Attr>
<Attr Nom="Source" Sens="BnF catalogue général (depuis 1999)">A</Attr>
<Attr Nom="NumAutoriteLiee">13897441</Attr>
<Attr Nom="DateCreation">18/03/ 2008</Attr>
<Attr Nom="ResponsableCreation">FANTOLA FABIENNE</Attr>
<Attr Nom="StructCreation">37</Attr>
<Attr Nom="DateDerniereValidation">09/11/ 2010</Attr>
<Attr Nom="ResponsableDerniereValidation">MIGV4</Attr>
<Attr Nom="StructPremiereValidation">37</Attr>
<Attr Nom="DatePremiereValidation">18/03/ 2008</Attr>
<Attr Nom="ResponsablePremiereValidation">FANTOLA FABIENNE</Attr>
<Attr Nom="StructDerniereValidation">1</Attr>
</record>
